  @Manual{R-R2jags,
    title = {R2jags: Using R to Run 'JAGS'},
    author = {Yu-Sung Su and Masanao Yajima and Gianluca Baio},
    year = {2024},
    note = {R package version 0.7-1.1},
    url = {https://CRAN.R-project.org/package=R2jags},
  }

@Article{R-coda,
  title = {CODA: Convergence Diagnosis and Output Analysis for MCMC},
  author = {Martyn Plummer and Nicky Best and Kate Cowles and Karen Vines},
  journal = {R News},
  year = {2006},
  volume = {6},
  number = {1},
  pages = {7--11},
  url = {https://journal.r-project.org/archive/},
  pdf = {https://www.r-project.org/doc/Rnews/Rnews_2006-1.pdf},
}


